<record><leader>00000cas a2200000 a 4500</leader><controlfield tag="001">20366381</controlfield><controlfield tag="008">890919d184918uulauuu ne      0    0eng c</controlfield><datafield ind1=" " ind2=" " tag="010"><subfield code="a">sn 89059341 </subfield></datafield><datafield ind1=" " ind2=" " tag="040"><subfield code="a">LNP</subfield><subfield code="b">eng</subfield><subfield code="c">LNP</subfield><subfield code="d">OCL</subfield><subfield code="d">NVK</subfield><subfield code="d">NVF</subfield><subfield code="d">OCLCQ</subfield></datafield><datafield ind1=" " ind2=" " tag="042"><subfield code="a">pcc</subfield></datafield><datafield ind1="0" ind2=" " tag="130"><subfield code="a">Daily picayune (New Orleans, La. : California ed.)</subfield></datafield><datafield ind1="1" ind2="4" tag="245"><subfield code="a">The daily picayune.</subfield></datafield><datafield ind1="1" ind2="3" tag="246"><subfield code="a">California picayune</subfield></datafield><datafield ind1=" " ind2=" " tag="250"><subfield code="a">For California.</subfield></datafield><datafield ind1=" " ind2=" " tag="260"><subfield code="a">New Orleans [La.] :</subfield><subfield code="b">Lumsden, Kendall &amp; Co.</subfield></datafield><datafield ind1=" " ind2=" " tag="300"><subfield code="a">v.</subfield></datafield><datafield ind1="0" ind2=" " tag="362"><subfield code="a">Nov. 13 [1849]-</subfield></datafield><datafield ind1=" " ind2=" " tag="752"><subfield code="a">United States</subfield><subfield code="b">Louisiana</subfield><subfield code="c">Orleans</subfield><subfield code="d">New Orleans.</subfield></datafield><datafield ind1="0" ind2=" " tag="775"><subfield code="t">Daily picayune (New Orleans, La. : 1837)</subfield><subfield code="w">(DLC)sn 83045371</subfield></datafield><datafield ind1="0" ind2=" " tag="775"><subfield code="t">Daily picayune (New Orleans, La. : Evening ed.)</subfield><subfield code="w">(DLC)sn 85038559</subfield></datafield><datafield ind1="0" ind2=" " tag="775"><subfield code="t">Weekly picayune (New Orleans, La. : 1838)</subfield><subfield code="w">(DLC)sn 83016597</subfield></datafield><datafield ind1="0" ind2=" " tag="775"><subfield code="t">Weekly picayune (New Orleans, La. : 1859 : Calif. steamer ed.)</subfield><subfield code="w">(DLC)sn 95067609</subfield></datafield></record>